@online{CarlosCSS,
  title = {Red - {{Blue}} - {{Black}} - {{Grey CSS Color Palette}}},
  author = {Delac, Matt},
  url = {https://www.shecodes.io/palettes/267},
  urldate = {2025-01-23},
  organization = {Shecodes},
  file = {/home/richard/Zotero/storage/RUH6ABAX/267.html}
}

@online{CarlosDbImages,
  title = {How to {{Save Image}} in {{Binary Format}} in {{DataBase}} in {{ASP}}.{{NET CORE}}},
  author = {Saini, Tarun},
  date = {2017-10-25},
  url = {https://www.youtube.com/watch?v=J7fVx5fYNRs},
  urldate = {2025-02-26}
}

@artwork{CarlosFavicon,
  title = {Italian {{Pizza Cut Into Slices}}},
  author = {{Freepik}},
  url = {https://www.flaticon.com/free-icon/italian-pizza-cut-into-slices_27305},
  urldate = {2025-02-22},
  abstract = {Free vector icon. Download thousands of free icons of food in SVG, PSD, PNG, EPS format or as ICON FONT \#flaticon \#icon \#pizza \#food \#italian},
  langid = {english},
  file = {/home/richard/Zotero/storage/KSM7Z62X/italian-pizza-cut-into-slices_27305.html}
}

@online{dixonShadesWhite,
  title = {Shades of {{White}}},
  author = {Dixon, Alex},
  url = {https://htmlcolorcodes.com/colors/shades-of-white/},
  urldate = {2025-03-07},
  abstract = {Shades of white are colors that vary just a little bit from pure white. While technically a “shade” is defined as a pure color mixed with black (or with lower lightness than the original), the shades of white also encompass colors with different hue and saturation, such as cream, eggshell, and vanilla.},
  langid = {english},
  organization = {HTML Color Codes},
  file = {/home/richard/Zotero/storage/ZF4FEFD4/shades-of-white.html}
}

@online{DominosMenu,
  title = {Menu},
  author = {{Domino's Pizza}},
  url = {https://www.dominos.co.uk/store/28215/chester/menu#pizza},
  urldate = {2025-02-11},
  file = {/home/richard/Zotero/storage/H7C74T8M/menu.html}
}

@online{dykstraRazorPagesEntity2024,
  title = {Razor {{Pages}} with {{Entity Framework Core}} in {{ASP}}.{{NET Core}} - {{Tutorial}} 1 of 8},
  author = {Dykstra, Tom and Likness, Jeremy and Smith, Jon},
  date = {2024-09-27},
  url = {https://learn.microsoft.com/en-us/aspnet/core/data/ef-rp/intro?view=aspnetcore-9.0},
  urldate = {2025-01-26},
  abstract = {Shows how to create a Razor Pages app using Entity Framework Core},
  langid = {american},
  file = {/home/richard/Zotero/storage/FG72T5V7/intro.html}
}

@online{gasconAddingAuthenticationAuthorisation2022,
  title = {Adding {{Authentication}} and {{Authorisation}} to {{ASP}}.{{NET Core Web Applications}}},
  author = {Gascon, Elisenda},
  date = {2022-03-04},
  url = {https://endjin.com/blog/2022/03/adding-authentication-and-authorisation-to-aspnet-core-web-applications},
  urldate = {2025-03-07},
  abstract = {Explore authentication \& authorisation in ASP.NET Core web apps using Identity, Razor class libraries, scaffolding, and partial views.},
  langid = {english},
  file = {/home/richard/Zotero/storage/FXBHXUA5/adding-authentication-and-authorisation-to-aspnet-core-web-applications.html}
}

@software{LeafletJS,
  title = {Leaflet},
  author = {Agafonkin, Volodymyr},
  date = {2023-05-18},
  location = {Kyiv, Ukraine},
  url = {https://leafletjs.com/},
  urldate = {2025-02-24},
  abstract = {Leaflet is a modern, lightweight open-source JavaScript library for mobile-friendly interactive maps.},
  version = {1.9.4},
  file = {/home/richard/Zotero/storage/3XKMSQ24/leafletjs.com.html}
}

@online{OSM-Unikebab,
  title = {{{OpenStreetMap}}: {{Unikebab}} and {{Pizza}}},
  author = {{OpenStreetMap Foundation}},
  with = {Venables, Dave},
  date = {2024-10-26},
  url = {https://www.openstreetmap.org/way/294947973},
  urldate = {2025-02-25},
  abstract = {OpenStreetMap is a map of the world, created by people like you and free to use under an open licence.},
  langid = {british},
  file = {/home/richard/Zotero/storage/S2PFV3FV/294947973.html}
}

@online{pikisuperstarFreeVectorHand2024,
  title = {Free {{Vector}} | {{Hand}} Drawn Food Pattern Background},
  author = {{"pikisuperstar"}},
  date = {2024-01-02},
  url = {https://www.freepik.com/free-vector/hand-drawn-food-pattern-background_72159777.htm},
  urldate = {2025-02-11},
  abstract = {Download this Free Vector about Hand drawn food pattern background, and discover more than 15 Million Professional Graphic Resources on Freepik},
  langid = {english},
  organization = {Freepik},
  file = {/home/richard/Zotero/storage/NZ97C5ZB/hand-drawn-food-pattern-background_72159777.html}
}

@software{ulanovskyMontserrat2021,
  title = {Montserrat},
  author = {Ulanovsky, Julieta and Matas, Sol and family=Peral, given=Juan Pablo, prefix=del, useprefix=false and Bailly, Jacques Le},
  date = {2021-08-11},
  location = {Buenos Aires},
  url = {https://fonts.google.com/specimen/Montserrat},
  urldate = {2025-03-07},
  abstract = {The old posters and signs in the traditional Montserrat neighborhood of Buenos Aires inspired Julieta Ulanovsky to design this typeface and rescue the beauty of},
  version = {7.222},
  file = {/home/richard/Zotero/storage/CY9S7C9F/Montserrat.html}
}
