@online{CarlosCSS,
  title = {Red - {{Blue}} - {{Black}} - {{Grey CSS Color Palette}} | {{SheCodes}}},
  author = {Delac, Matt},
  url = {https://www.shecodes.io/palettes/267},
  urldate = {2025-01-23},
  file = {/home/richard/Zotero/storage/RUH6ABAX/267.html}
}

@online{tdykstraRazorPagesEntity2024,
  title = {Razor {{Pages}} with {{Entity Framework Core}} in {{ASP}}.{{NET Core}} - {{Tutorial}} 1 of 8},
  author = {{tdykstra}},
  date = {2024-09-27},
  url = {https://learn.microsoft.com/en-us/aspnet/core/data/ef-rp/intro?view=aspnetcore-9.0},
  urldate = {2025-01-26},
  abstract = {Shows how to create a Razor Pages app using Entity Framework Core},
  langid = {american},
  file = {/home/richard/Zotero/storage/FG72T5V7/intro.html}
}
